<?xml version="1.0"?>
<marc:records xmlns:marc="http://www.loc.gov/MARC21/slim" xmlns:xsi="http://www.w3.org/2001/XMLSchema-instance" xsi:schemaLocation="http://www.loc.gov/MARC21/slim http://www.loc.gov/standards/marcxml/schema/MARC21slim.xsd">
  <marc:record>
    <marc:leader>04895nam a2200661Ia 4500</marc:leader>
    <marc:controlfield tag="001">9977571453803681</marc:controlfield>
    <marc:controlfield tag="005">20191021082719.0</marc:controlfield>
    <marc:controlfield tag="006">m     o  c        </marc:controlfield>
    <marc:controlfield tag="007">cr#cn|024aaaba</marc:controlfield>
    <marc:controlfield tag="008">190806s1696    ir p          000 0 ara d</marc:controlfield>
    <marc:datafield ind1=" " ind2=" " tag="035">
  <marc:subfield code="a">(OCoLC)1111633123</marc:subfield>
</marc:datafield>
    <marc:datafield ind1=" " ind2=" " tag="035">
  <marc:subfield code="a">(OCoLC)on1111633123</marc:subfield>
</marc:datafield>
    <marc:datafield ind1=" " ind2=" " tag="040">
  <marc:subfield code="a">PAU</marc:subfield>
  <marc:subfield code="b">eng</marc:subfield>
  <marc:subfield code="c">PAU</marc:subfield>
  <marc:subfield code="e">amremm</marc:subfield>
</marc:datafield>
    <marc:datafield ind1="1" ind2=" " tag="041">
  <marc:subfield code="a">ara</marc:subfield>
  <marc:subfield code="a">per</marc:subfield>
  <marc:subfield code="h">ara</marc:subfield>
</marc:datafield>
    <marc:datafield ind1=" " ind2="9" tag="099">
  <marc:subfield code="a">Penn Museum 94-18-1</marc:subfield>
</marc:datafield>
    <marc:datafield ind1="0" ind2=" " tag="130">
  <marc:subfield code="6">880-01</marc:subfield>
  <marc:subfield code="a">S&#x323;ah&#x323;i&#x304;fah al-ka&#x304;milah.</marc:subfield>
</marc:datafield>
    <marc:datafield ind1="1" ind2="4" tag="245">
  <marc:subfield code="6">880-02</marc:subfield>
  <marc:subfield code="a">[al-S&#x323;ah&#x323;i&#x304;fah al-Sajja&#x304;di&#x304;yah]</marc:subfield>
  <marc:subfield code="h">[electronic resource].</marc:subfield>
</marc:datafield>
    <marc:datafield ind1=" " ind2=" " tag="260">
  <marc:subfield code="a">[Iran?],</marc:subfield>
  <marc:subfield code="c">1107 A.H. (1696)</marc:subfield>
</marc:datafield>
    <marc:datafield ind1=" " ind2=" " tag="300">
  <marc:subfield code="a">1 online resource (ii, 150, ii, unfoliated leaves) :</marc:subfield>
  <marc:subfield code="b">illuminations.</marc:subfield>
</marc:datafield>
    <marc:datafield ind1=" " ind2=" " tag="500">
  <marc:subfield code="a">Title from introduction (f. [1]v)</marc:subfield>
</marc:datafield>
    <marc:datafield ind1=" " ind2=" " tag="500">
  <marc:subfield code="a">Foliation: Leaves are unfoliated; catchwords every verso, lower left.</marc:subfield>
</marc:datafield>
    <marc:datafield ind1=" " ind2=" " tag="500">
  <marc:subfield code="a">Layout: Written in 20 long lines with alternating lines of Arabic and Persian; Arabic lines are 3 mm taller than Persian lines; catchwords every verso, lower left (often trimmed); marginalia.</marc:subfield>
</marc:datafield>
    <marc:datafield ind1=" " ind2=" " tag="500">
  <marc:subfield code="a">Script: Written in naskh in black ink (Arabic) and nasta&#x2BB;li&#x304;q in red ink (Persian); pointed, with Arabic partially vocalized; marginalia in nasta&#x2BB;li&#x304;q in black ink.</marc:subfield>
</marc:datafield>
    <marc:datafield ind1=" " ind2=" " tag="500">
  <marc:subfield code="a">Decoration: Illuminated headpiece in gold, blue, red and green with foliate marginal fill on first page-opening (f. 1v-2r); textblock is border-ruled in blue, red, gold, and blue with page-opening framed in narrow gold and black; lines are ruled in narrow gold and black</marc:subfield>
</marc:datafield>
    <marc:datafield ind1=" " ind2=" " tag="500">
  <marc:subfield code="a">Binding: Bound in reddish brown leather over pasteboard with inlay, blind-stamped central mandorla with two pendants on the vertical axis; edges of cover and spine in red leather; black leather doublure.</marc:subfield>
</marc:datafield>
    <marc:datafield ind1=" " ind2=" " tag="500">
  <marc:subfield code="a">Origin: Copy completed in Rajab of the year 1107 (February 1696) (f. [150]r).</marc:subfield>
</marc:datafield>
    <marc:datafield ind1=" " ind2=" " tag="500">
  <marc:subfield code="a">Dimensions of original manuscript: 155 x 95 (100 x 50) mm bound to 160 x 100 mm.</marc:subfield>
</marc:datafield>
    <marc:datafield ind1=" " ind2=" " tag="500">
  <marc:subfield code="a">Laid, non-European paper.</marc:subfield>
</marc:datafield>
    <marc:datafield ind1=" " ind2=" " tag="500">
  <marc:subfield code="a">Two effaced owner's stamps (f. [1]r, [150]r).</marc:subfield>
</marc:datafield>
    <marc:datafield ind1=" " ind2=" " tag="520">
  <marc:subfield code="a">Collection of doxologies and prayers, ascribed to &#x2BB;Ali&#x304; or to his grandson Zayn al-&#x2BB;A&#x304;bidin &#x2BB;Ali&#x304; ibn al-H&#x323;usayn with Persian interlinear translation and marginal notes; a leaf has been cut out between f. 25 and 26.</marc:subfield>
</marc:datafield>
    <marc:datafield ind1=" " ind2=" " tag="524">
  <marc:subfield code="a">University of Pennsylvania Museum of Archaeology and Anthropology 94-18-1</marc:subfield>
</marc:datafield>
    <marc:datafield ind1=" " ind2=" " tag="533">
  <marc:subfield code="a">Electronic reproduction.</marc:subfield>
  <marc:subfield code="b">Philadelphia, Pa. :</marc:subfield>
  <marc:subfield code="c">University of Pennsylvania Libraries,</marc:subfield>
  <marc:subfield code="d">2019.</marc:subfield>
</marc:datafield>
    <marc:datafield ind1=" " ind2=" " tag="534">
  <marc:subfield code="p">Original:</marc:subfield>
  <marc:subfield code="t">[al-S&#x323;ah&#x323;i&#x304;fah al-Sajja&#x304;di&#x304;yah] (94-18-1),</marc:subfield>
  <marc:subfield code="l">University of Pennsylvania Museum of Archaeology and Anthropology.</marc:subfield>
</marc:datafield>
    <marc:datafield ind1=" " ind2=" " tag="538">
  <marc:subfield code="a">Mode of access: World Wide Web.</marc:subfield>
</marc:datafield>
    <marc:datafield ind1="1" ind2=" " tag="541">
  <marc:subfield code="a">Gift of the Ralph Foster Museum in 1994.</marc:subfield>
</marc:datafield>
    <marc:datafield ind1=" " ind2=" " tag="546">
  <marc:subfield code="a">Arabic and Persian.</marc:subfield>
</marc:datafield>
    <marc:datafield ind1=" " ind2="0" tag="650">
  <marc:subfield code="a">Shi&#x304;&#x2BB;ah</marc:subfield>
  <marc:subfield code="v">Prayers and devotions</marc:subfield>
  <marc:subfield code="v">Early works to 1800.</marc:subfield>
</marc:datafield>
    <marc:datafield ind1=" " ind2="7" tag="655">
  <marc:subfield code="a">Fascimiles.</marc:subfield>
  <marc:subfield code="2">aat</marc:subfield>
</marc:datafield>
    <marc:datafield ind1=" " ind2="7" tag="655">
  <marc:subfield code="a">Islamic bindings (Binding)</marc:subfield>
  <marc:subfield code="2">rbbin</marc:subfield>
</marc:datafield>
    <marc:datafield ind1=" " ind2="7" tag="655">
  <marc:subfield code="a">Full covers.</marc:subfield>
  <marc:subfield code="2">lobt</marc:subfield>
</marc:datafield>
    <marc:datafield ind1=" " ind2="7" tag="655">
  <marc:subfield code="a">Stamps (Provenance)</marc:subfield>
  <marc:subfield code="2">rbprov</marc:subfield>
</marc:datafield>
    <marc:datafield ind1=" " ind2="0" tag="655">
  <marc:subfield code="a">Manuscripts, Arabic.</marc:subfield>
</marc:datafield>
    <marc:datafield ind1=" " ind2="0" tag="655">
  <marc:subfield code="a">Manuscripts, Persian.</marc:subfield>
</marc:datafield>
    <marc:datafield ind1=" " ind2="0" tag="655">
  <marc:subfield code="a">Manuscripts, 17th century.</marc:subfield>
</marc:datafield>
    <marc:datafield ind1="0" ind2=" " tag="700">
  <marc:subfield code="6">880-03</marc:subfield>
  <marc:subfield code="a">Zayn al-&#x2BB;A&#x304;bidi&#x304;n &#x2BB;Ali&#x304; ibn al-H&#x323;usayn,</marc:subfield>
  <marc:subfield code="d">-710?,</marc:subfield>
  <marc:subfield code="e">attributed name.</marc:subfield>
</marc:datafield>
    <marc:datafield ind1="0" ind2=" " tag="700">
  <marc:subfield code="6">880-04</marc:subfield>
  <marc:subfield code="a">&#x2BB;Ali&#x304; ibn Abi&#x304; T&#x323;a&#x304;lib,</marc:subfield>
  <marc:subfield code="c">Caliph,</marc:subfield>
  <marc:subfield code="d">approximately 600-661,</marc:subfield>
  <marc:subfield code="e">attributed name.</marc:subfield>
</marc:datafield>
    <marc:datafield ind1="2" ind2=" " tag="710">
  <marc:subfield code="a">Ralph Foster Museum,</marc:subfield>
  <marc:subfield code="e">former owner.</marc:subfield>
</marc:datafield>
    <marc:datafield ind1="0" ind2="2" tag="730">
  <marc:subfield code="6">880-05</marc:subfield>
  <marc:subfield code="a">S&#x323;ah&#x323;i&#x304;fah al-ka&#x304;milah.</marc:subfield>
  <marc:subfield code="l">Persian</marc:subfield>
</marc:datafield>
    <marc:datafield ind1=" " ind2=" " tag="852">
  <marc:subfield code="b">University of Pennsylvania Museum of Archaeology and Anthropology</marc:subfield>
  <marc:subfield code="a">University of Pennsylvania</marc:subfield>
  <marc:subfield code="j">Penn Museum 94-18-1</marc:subfield>
</marc:datafield>
    <marc:datafield ind1="4" ind2="1" tag="856">
  <marc:subfield code="z">Digital facsimile in OPenn</marc:subfield>
  <marc:subfield code="u">http://openn.library.upenn.edu/Data/0016/html/94_18_1.html</marc:subfield>
</marc:datafield>
    <marc:datafield ind1="0" ind2=" " tag="880">
  <marc:subfield code="6">130-01//r</marc:subfield>
  <marc:subfield code="a">&#x635;&#x62D;&#x64A;&#x641;&#x629; &#x627;&#x644;&#x643;&#x627;&#x645;&#x644;&#x629;</marc:subfield>
</marc:datafield>
    <marc:datafield ind1="1" ind2="3" tag="880">
  <marc:subfield code="6">245-02//r</marc:subfield>
  <marc:subfield code="a">[&#x627;&#x644;&#x635;&#x62D;&#x64A;&#x641;&#x629; &#x627;&#x644;&#x633;&#x62C;&#x627;&#x62F;&#x64A;&#x629;]</marc:subfield>
  <marc:subfield code="h">[electronic resource].</marc:subfield>
</marc:datafield>
    <marc:datafield ind1="0" ind2=" " tag="880">
  <marc:subfield code="6">700-03//r</marc:subfield>
  <marc:subfield code="a">&#x632;&#x64A;&#x646; &#x627;&#x644;&#x639;&#x627;&#x628;&#x62F;&#x64A;&#x646; &#x639;&#x644;&#x64A; &#x628;&#x646; &#x627;&#x644;&#x62D;&#x633;&#x64A;&#x646;&#x60C;</marc:subfield>
  <marc:subfield code="d">- 710&#x61F;&#x60C;</marc:subfield>
  <marc:subfield code="e">attributed name.</marc:subfield>
</marc:datafield>
    <marc:datafield ind1="0" ind2=" " tag="880">
  <marc:subfield code="6">700-04//r</marc:subfield>
  <marc:subfield code="a">&#x639;&#x644;&#x64A; &#x628;&#x646; &#x627;&#x628;&#x64A; &#x637;&#x627;&#x644;&#x628;&#x60C;</marc:subfield>
  <marc:subfield code="c">&#x62E;&#x644;&#x64A;&#x641;&#x629;&#x60C;</marc:subfield>
  <marc:subfield code="d">approximately 600-661&#x60C;</marc:subfield>
  <marc:subfield code="e">attributed name.</marc:subfield>
</marc:datafield>
    <marc:datafield ind1="0" ind2="2" tag="880">
  <marc:subfield code="6">730-05//r</marc:subfield>
  <marc:subfield code="a">&#x635;&#x62D;&#x64A;&#x641;&#x629; &#x627;&#x644;&#x643;&#x627;&#x645;&#x644;&#x629;.</marc:subfield>
  <marc:subfield code="l">&#x641;&#x627;&#x631;&#x633;&#x649;.</marc:subfield>
</marc:datafield>
    <marc:datafield ind1=" " ind2=" " tag="948">
  <marc:subfield code="h">HELD BY PAU - 0 OTHER HOLDINGS</marc:subfield>
</marc:datafield>
    <marc:datafield ind1=" " ind2=" " tag="994">
  <marc:subfield code="a">Z0</marc:subfield>
  <marc:subfield code="b">PAU</marc:subfield>
</marc:datafield>
    <marc:datafield ind1=" " ind2=" " tag="996">
  <marc:subfield code="a">hinge-right</marc:subfield>
</marc:datafield>
    <marc:holdings>
      <marc:holding>
        <marc:holding_id>22597369990003681</marc:holding_id>
        <marc:call_number>Penn Museum 94-18-1</marc:call_number>
        <marc:library>KislakCntr</marc:library>
        <marc:location>scmsw</marc:location>
      </marc:holding>
    </marc:holdings>
  </marc:record>
</marc:records>
